@article{Andresen2018,
    author = {Andresen, Erik and Chraibi, Mohcine and Seyfried, Armin},
    year = {2018},
    month = {01},
    pages = {1-34},
    title = {A Representation of Partial Spatial Knowledge: A Cognitive Map Approach for Evacuation Simulations},
    volume = {14},
    journal = {Transportmetrica A: Transport Science},
    doi = {10.1080/23249935.2018.1432717}
}

@article{Golledge1999,
    author="Golledge, R.",
    title="Human Wayfinding and Cognitive Maps",
    journal="Wayfinding Behavior",
    ISSN="",
    publisher="Johns Hopkins Univ. Press",
    year="1999",
    month="",
    volume="1",
    number="",
    pages="",
    URL="https://ci.nii.ac.jp/naid/10009677253/en/",
    DOI="",
}

@inbook{Ellard2009,
    author = {Ellard, C.},
    title = {You Are Here: Why We Can Find Our Way to the Moon, but Get Lost in the Mall},
    bookTitle = {You Are Here: Why We Can Find Our Way to the Moon, but Get Lost in the Mall},
    year = {2009},
    publisher = {Knopf Doubleday Publishing Group},
    isbn = "0767930754"
}